@article{Example,
    author  = "John Doe",
    title   = "The Title",
    year    = "2015",
    journal = "Journal Name",
    volume  = "99",
    number  = "2",
    pages   = "100-150"
}

@article{FPLEvalFramework,
    author  = "Muhammad Shoaib Farooq and Sher Afzal Khan and Farooq Ahmad and Saeed Islam and Adnan Abid",
    title   = "An Evaluation Framework and Comparative Analysis of the Widely Used First Programming Languages",
    year    = "2014",
    month   = "February 24th"
}

@article{LangSelectionProcess, 
    author  = "Kevin R. Parker  and Joseph T. Chao and Thomas A. Ottaway  and Jane Chang",
    title   = "A Formal Language Selection Process for Introductory Programming Courses",
    year    = "2006",
    journal = "ICER 2006 Proceedings of the second international workshop on Computing education research",
    number  = "2",
    pages   = "73-84"
}

@article{QuorumRandomo,
    author  = "Andreas Stefik  and Susanna Siebert and Melissa Stefik  and  Kim Slattery",
    title   = "An empirical comparison of the accuracy rates of novices using the quorum, perl, and randomo programming languages",
    year    = "2011",
    journal = "PLATEAU 2011 Proceedings of the 3rd ACM SIGPLAN workshop on Evaluation and usability of programming languages and tools",
    pages   = "3-8"
}